@inproceedings{bleu,
  title     = {{BLEU}: a Method for Automatic Evaluation of Machine Translation},
  author    = {Papineni, Kishore  and
               Roukos, Salim  and
               Ward, Todd  and
               Zhu, Wei-Jing},
  month     = jul,
  year      = {2002},
  publisher = {Association for Computational Linguistics},
  doi       = {10.3115/1073083.1073135},
  pages     = {311--318}
}


@inproceedings{nist,
  title={Automatic evaluation of machine translation quality using n-gram co-occurrence statistics},
  author={Doddington, George},
  booktitle={Proceedings of the second international conference on Human Language Technology Research},
  pages={138--145},
  year={2002}
}

@inproceedings{meteor,
  title     = {{METEOR}: An Automatic Metric for {MT} Evaluation with Improved Correlation with Human Judgments},
  author    = {Banerjee, Satanjeev  and
               Lavie, Alon},
  booktitle = {Proceedings of the {ACL} Workshop on Intrinsic and Extrinsic Evaluation Measures for Machine Translation and/or Summarization},
  month     = jun,
  year      = {2005},
  publisher = {Association for Computational Linguistics},
  url       = {https://aclanthology.org/W05-0909},
  pages     = {65--72}
}

@article{knowledgegrphs,
  title={Knowledge graphs},
  author={Hogan, Aidan and Blomqvist, Eva and Cochez, Michael and d’Amato, Claudia and Melo, Gerard De and Gutierrez, Claudio and Kirrane, Sabrina and Gayo, Jos{\'e} Emilio Labra and Navigli, Roberto and Neumaier, Sebastian and others},
  journal={ACM Computing Surveys (Csur)},
  volume={54},
  number={4},
  pages={1--37},
  year={2021},
  publisher={ACM New York, NY, USA}
}





@article{KG2,
  title={Bringing light into the dark: A large-scale evaluation of knowledge graph embedding models under a unified framework},
  author={Ali, Mehdi and Berrendorf, Max and Hoyt, Charles Tapley and Vermue, Laurent and Galkin, Mikhail and Sharifzadeh, Sahand and Fischer, Asja and Tresp, Volker and Lehmann, Jens},
  journal={IEEE Transactions on Pattern Analysis and Machine Intelligence},
  volume={44},
  number={12},
  pages={8825--8845},
  year={2021},
  publisher={IEEE}
}

@article{fredpaper,
  author = {Gangemi, Aldo and Presutti, Valentina and Recupero, Diego Reforgiato and Nuzzolese, Andrea Giovanni and Draicchio, Francesco and MongiovÃ¬, Misael},
  journal = {Semantic Web},
  number = 6,
  pages = {873-893},
  title = {{Semantic Web Machine Reading with FRED}},
  volume = 8,
  year = 2017
}

@inproceedings{TER,
  title={A study of translation edit rate with targeted human annotation},
  author={Snover, Matthew and Dorr, Bonnie and Schwartz, Richard and Micciulla, Linnea and Makhoul, John},
  booktitle={Proceedings of the 7th Conference of the Association for Machine Translation in the Americas: Technical Papers},
  pages={223--231},
  year={2006}
}

@online{jaccard,
  author       = {{Wikipedia contributors}},
  year         = {2023},
  title        = {Jaccard similarity},
  howpublished          = {\url{https://wikipedia.org/wiki/Jaccard\_index/}},
  month        = apr,
  urldate = {March 6, 2024}
}

@online{RDF,
    title = {Resource Description Framework (RDF) Syntax Specification (Revised)},
    author = {{World Wide Web Consortium}},
    year = {1998},
    url = {https://www.w3.org/TR/PR-rdf-syntax/},
    urldate = {2024-04-13}
}

@book{specia18,
  title={Quality estimation for machine translation},
  author={Specia, Lucia and Scarton, Carolina and Paetzold, Gustavo Henrique and Hirst, Graeme},
  volume={11},
  year={2018},
  publisher={Springer}
}

@misc{whatBT,
  author       = {Anne Q},
  year         = {2021},
  title        = {What is Back Translation?},
  url          = {https://gtelocalize.com/what-is-back-translation/},
  month        = dec,
  lastaccessed = {March 6, 2024}
}

@article{whyBT,
  title={Back translation for quality control of informed consent forms},
  author={Grunwald, David and Goldfarb, Norman M},
  journal={Journal of Clinical Research Best Practices},
  volume={2},
  number={2},
  pages={1--6},
  year={2006}
}

@article{whyBTMedical,
  author   = {Chen, Hsiao-Yu and Boore, Jennifer RP},
  title    = {Translation and back-translation in qualitative nursing research: methodological review},
  journal  = {Journal of Clinical Nursing},
  volume   = {19},
  number   = {1-2},
  pages    = {234-239},
  keywords = {back-translation, China (Taiwan), methodological review, nurses, nursing, qualitative research, translation},
  year     = {2010}
}



@article{bertscore,
  title={Bertscore: Evaluating text generation with bert},
  author={Zhang, Tianyi and Kishore, Varsha and Wu, Felix and Weinberger, Kilian Q and Artzi, Yoav},
  journal={arXiv preprint arXiv:1904.09675},
  year={2019}
}

@inproceedings{bleu2vec,
    title = "bleu2vec: the Painfully Familiar Metric on Continuous Vector Space Steroids",
    author = {T{\"a}ttar, Andre  and
      Fishel, Mark},
    editor = "Bojar, Ond{\v{r}}ej  and
      Buck, Christian  and
      Chatterjee, Rajen  and
      Federmann, Christian  and
      Graham, Yvette  and
      Haddow, Barry  and
      Huck, Matthias  and
      Yepes, Antonio Jimeno  and
      Koehn, Philipp  and
      Kreutzer, Julia",
    booktitle = "Proceedings of the Second Conference on Machine Translation",
    month = sep,
    year = "2017",
    address = "Copenhagen, Denmark",
    publisher = "Association for Computational Linguistics",
    url = "https://aclanthology.org/W17-4771",
    doi = "10.18653/v1/W17-4771",
    pages = "619--622",
}



@inproceedings{comet,
    title = "{COMET}-22: Unbabel-{IST} 2022 Submission for the Metrics Shared Task",
    author = "Rei, Ricardo  and
      C. de Souza, Jos{\'e} G.  and
      Alves, Duarte  and
      Zerva, Chrysoula  and
      Farinha, Ana C  and
      Glushkova, Taisiya  and
      Lavie, Alon  and
      Coheur, Luisa  and
      Martins, Andr{\'e} F. T.",
    booktitle = "Proceedings of the Seventh Conference on Machine Translation (WMT)",
    month = dec,
    year = "2022",
    address = "Abu Dhabi, United Arab Emirates (Hybrid)",
    publisher = "Association for Computational Linguistics",
    url = "https://aclanthology.org/2022.wmt-1.52",
    pages = "578--585",
}

@inproceedings{STSdata,
   title={SemEval-2017 Task 1: Semantic Textual Similarity Multilingual and
            Crosslingual Focused Evaluation},
   url={http://dx.doi.org/10.18653/v1/S17-2001},
   DOI={10.18653/v1/s17-2001},
   booktitle={Proceedings of the 11th International Workshop on Semantic Evaluation
          (SemEval-2017)},
   publisher={Association for Computational Linguistics},
   author={Cer, Daniel and Diab, Mona and Agirre, Eneko and Lopez-Gazpio, Inigo and Specia, Lucia},
   year={2017} }




@INPROCEEDINGS{ibleu,
  author={Madnani, Nitin},
  booktitle={2011 IEEE Fifth International Conference on Semantic Computing}, 
  title={iBLEU: Interactively Debugging and Scoring Statistical Machine Translation Systems}, 
  year={2011},
  volume={},
  number={},
  pages={213-214},
  keywords={Measurement;Context modeling;Debugging;NIST;Google;Data visualization;Communities;machine translation;information visualization},
  doi={10.1109/ICSC.2011.36}}


@article{btfigure,
  author  = {Trieu H. Trinh and Thang Le and Phat Hoang and Minh{-}Thang Luong},
  title   = {A Tutorial on Data Augmentation by Backtranslation},
  journal = {https://github.com/vietai/dab},
  year    = {2019}
}

@inproceedings{btfuture,
  author    = {Abdulmumin, Idris
               and Galadanci, Bashir Shehu
               and Isa, Abubakar},
  editor    = {Misra, Sanjay
               and Muhammad-Bello, Bilkisu},
  title     = {Enhanced Back-Translation for Low Resource Neural Machine Translation Using Self-training},
  booktitle = {Information and Communication Technology and Applications},
  year      = {2021},
  publisher = {Springer International Publishing},
  address   = {Cham},
  pages     = {355--371}
}
